@article{cho2004alcohol,
  title={Alcohol intake and colorectal cancer: a pooled analysis of 8 cohort studies},
  author={Cho, Eunyoung and Smith-Warner, Stephanie A and Ritz, John and Van Den Brandt, Piet A and Colditz, Graham A and Folsom, Aaron R and Freudenheim, Jo L and Giovannucci, Edward and Goldbohm, R Alexandra and Graham, Saxon and others},
  journal={Annals of internal medicine},
  volume={140},
  number={8},
  pages={603--613},
  year={2004},
  publisher={American College of Physicians}
}